<?xml version="1.0" encoding="UTF-8"?><collection xmlns="http://www.loc.gov/MARC21/slim"><record><leader>00513nam--2200145-i-4500</leader><controlfield tag="001">000023365</controlfield><controlfield tag="002">20161230</controlfield><controlfield tag="005">20161230201035</controlfield><controlfield tag="008">060222s1000------------r-----000-0-eng-d</controlfield><datafield ind1=" " ind2=" " tag="080"><subfield code="a">543.51(043)</subfield></datafield><datafield ind1=" " ind2=" " tag="100"><subfield code="a">Jerome, Dominique Y.Et Slodzian, Georges</subfield></datafield><datafield ind1=" " ind2=" " tag="245"><subfield code="a">Utilisation du microanalyseur ionique en geochimie. application a la meteorite de juvinas. these</subfield></datafield><datafield ind1=" " ind2=" " tag="260"><subfield code="a">Paris, Universite Paris, 1971, /538-548p.</subfield></datafield><datafield ind1=" " ind2=" " tag="490"><subfield code="a">Bulletin De La Societe Francais De Mineralogie Et De Cristallographie</subfield></datafield><datafield ind1=" " ind2=" " tag="852"><subfield code="a">40474</subfield></datafield></record></collection>